@phdthesis{sands,
  title={Calculi for time analysis of functional programs},
  author={Sands, David},
  year={1990},
  school={University of London}
}


@article{fds,
  title={Functional Data Structures and Algorithms A Proof Assistant Approach},
  author={Nipkow, Tobias},
  year={2023}
}


@book{latex,
  title = {LaTeX : A Documentation Preparation System User's Guide and Reference Manual},
  publisher = {Addison-Wesley Professional},
  year = {1994},
  author = {Leslie Lamport}
}

